<?xml version="1.0" encoding="UTF-8"?><collection xmlns="http://www.loc.gov/MARC21/slim"><record><leader>00516nam--2200193-u-4500</leader><controlfield tag="001">000053129</controlfield><controlfield tag="002">20161230</controlfield><controlfield tag="005">20161230201051</controlfield><controlfield tag="008">110106s1000------------r-----000-0-eng-d</controlfield><datafield ind1=" " ind2=" " tag="020"><subfield code="a">9810237456</subfield></datafield><datafield ind1=" " ind2=" " tag="040"><subfield code="a">IFIN-HH</subfield></datafield><datafield ind1=" " ind2=" " tag="080"><subfield code="a">539.12:539.142.2</subfield></datafield><datafield ind1="1" ind2=" " tag="100"><subfield code="a">Han, M.Y</subfield></datafield><datafield ind1="1" ind2="0" tag="245"><subfield code="a">Quarks and glunos</subfield><subfield code="b">A century of particle charges</subfield><subfield code="c">M.y. han</subfield></datafield><datafield ind1=" " ind2=" " tag="260"><subfield code="a">Singapore</subfield><subfield code="b">World Scientific</subfield><subfield code="c">1999</subfield></datafield><datafield ind1=" " ind2=" " tag="300"><subfield code="a">158P</subfield></datafield><datafield ind1=" " ind2="4" tag="650"><subfield code="a">Particles (Nuclear Physics)</subfield></datafield><datafield ind1=" " ind2=" " tag="852"><subfield code="a">81509</subfield><subfield code="c">539.12</subfield></datafield><datafield ind1=" " ind2=" " tag="CAT"><subfield code="a">Sys</subfield><subfield code="c">20110106</subfield><subfield code="h">141524</subfield></datafield></record></collection>